<?xml version="1.0" encoding="UTF-8"?><collection xmlns="http://www.loc.gov/MARC21/slim"><record><leader>00344nam--2200121-i-4500</leader><controlfield tag="001">000002823</controlfield><controlfield tag="002">20161230</controlfield><controlfield tag="005">20161230201025</controlfield><controlfield tag="008">060222s1000------------r-----000-0-eng-d</controlfield><datafield ind1=" " ind2=" " tag="100"><subfield code="a">Destouches, Jean-Louis</subfield></datafield><datafield ind1=" " ind2=" " tag="245"><subfield code="a">Principes de la mecanique classique. c. physique mathematique</subfield></datafield><datafield ind1=" " ind2=" " tag="260"><subfield code="a">Paris, C.N.R.S., 1948</subfield></datafield><datafield ind1=" " ind2=" " tag="490"><subfield code="a">C.Physique Mathematique</subfield></datafield></record></collection>